@phdthesis{Rigouste06,
  author = {Lo\:is Rigouste},
  title = {M\'ethodes probabilistes pour l'analyse exploratoire de donn\'es
    textuelles},
  year = {2006}
}
